@article{sattizahn,
    author = "Paul Sattizahn",
    title = "Parsing Semantics with Context Dependent Probabilistic Combinatory Categorial Grammar",
    date = "2018-05-09"
}

@article{dpll,
 author = {Davis, Martin and Putnam, Hilary},
 title = {A Computing Procedure for Quantification Theory},
 journal = {J. ACM},
 issue_date = {July 1960},
 volume = {7},
 number = {3},
 month = jul,
 year = {1960},
 issn = {0004-5411},
 pages = {201--215},
 numpages = {15},
 url = {http://doi.acm.org/10.1145/321033.321034},
 doi = {10.1145/321033.321034},
 acmid = {321034},
 publisher = {ACM},
 address = {New York, NY, USA},
}

@article{dpllheuristic,
 author = {Ferris, Brian and Froehlich, Jon},
 year = {2018},
 month = {05},
 pages = {},
 title = {WalkSAT as an Informed Heuristic to DPLL in SAT Solving}
}

@article{hobbs78,
 author = {R. Hobbs, Jerry},
 year = {1978},
 month = {04},
 pages = {311-338},
 title = {Resolving pronoun references},
 volume = {44},
 booktitle = {Lingua}
}

@article{lappin94,
 author = {Lappin, Shalom and Leass, Herbert J.},
 title = {An Algorithm for Pronominal Anaphora Resolution},
 journal = {Comput. Linguist.},
 issue_date = {December 1994},
 volume = {20},
 number = {4},
 month = dec,
 year = {1994},
 issn = {0891-2017},
 pages = {535--561},
 numpages = {27},
 url = {http://dl.acm.org/citation.cfm?id=203987.203989},
 acmid = {203989},
 publisher = {MIT Press},
 address = {Cambridge, MA, USA},
}

@inproceedings{alkofahi99,
 author = {Al-Kofahi, Khalid and Grom, Brian and Jackson, Peter},
 title = {Anaphora Resolution in the Extraction of Treatment History Language from Court Opinions by Partial Parsing},
 booktitle = {Proceedings of the 7th International Conference on Artificial Intelligence and Law},
 series = {ICAIL '99},
 year = {1999},
 isbn = {1-58113-165-8},
 location = {Oslo, Norway},
 pages = {138--146},
 numpages = {9},
 url = {http://doi.acm.org/10.1145/323706.323788},
 doi = {10.1145/323706.323788},
 acmid = {323788},
 publisher = {ACM},
 address = {New York, NY, USA},
 keywords = {anaphora resolution, information extraction},
}

@inproceedings{prasov08,
 author = {Prasov, Zahar and Chai, Joyce Y.},
 title = {What's in a Gaze?: The Role of Eye-gaze in Reference Resolution in Multimodal Conversational Interfaces},
 booktitle = {Proceedings of the 13th International Conference on Intelligent User Interfaces},
 series = {IUI '08},
 year = {2008},
 isbn = {978-1-59593-987-6},
 location = {Gran Canaria, Spain},
 pages = {20--29},
 numpages = {10},
 url = {http://doi.acm.org/10.1145/1378773.1378777},
 doi = {10.1145/1378773.1378777},
 acmid = {1378777},
 publisher = {ACM},
 address = {New York, NY, USA},
 keywords = {eye-gaze, multimodal conversational interfaces, reference resolution},
}

@article{pineda00,
 author = {Pineda, Luis and Garza, Gabriela},
 title = {A Model for Multimodal Reference Resolution},
 journal = {Comput. Linguist.},
 issue_date = {June 2000},
 volume = {26},
 number = {2},
 month = jun,
 year = {2000},
 issn = {0891-2017},
 pages = {139--193},
 numpages = {55},
 url = {https://doi.org/10.1162/089120100561665},
 doi = {10.1162/089120100561665},
 acmid = {971852},
 publisher = {MIT Press},
 address = {Cambridge, MA, USA},
}

@inproceedings{pineda97,
 author = {Pineda, Luis. A. and Garza, E. Gabriela},
 title = {A Model for Multimodal Reference Resolution},
 booktitle = {Referring Phenomena in a Multimedia Context and Their Computational Treatment},
 series = {ReferringPhenomena '97},
 year = {1997},
 location = {Madrid, Spain},
 pages = {99--117},
 numpages = {19},
 url = {http://dl.acm.org/citation.cfm?id=1621585.1621603},
 acmid = {1621603},
 publisher = {Association for Computational Linguistics},
 address = {Stroudsburg, PA, USA},
}

@inproceedings{chai04,
 author = {Chai, Joyce Y. and Hong, Pengyu and Zhou, Michelle X.},
 title = {A Probabilistic Approach to Reference Resolution in Multimodal User Interfaces},
 booktitle = {Proceedings of the 9th International Conference on Intelligent User Interfaces},
 series = {IUI '04},
 year = {2004},
 isbn = {1-58113-815-6},
 location = {Funchal, Madeira, Portugal},
 pages = {70--77},
 numpages = {8},
 url = {http://doi.acm.org/10.1145/964442.964457},
 doi = {10.1145/964442.964457},
 acmid = {964457},
 publisher = {ACM},
 address = {New York, NY, USA},
 keywords = {graph matching, multimodal user interfaces, reference resolution},
}
